%% wavefront 
@Online{wavefront,
  title={Wavefront by VMware},
  URL={https://www.wavefront.com/},
  nodates=false
}

%% fdb 
@Online{fdb, 
  title={FoundationDB},
  URL={https://www.foundationdb.org/},
  nodates=false
}

%% wiki 
@Online{wikidatasets, 
  title={Wikipedia title dataset},
  URL={https://en.wikipedia.org/wiki/Wikipedia:Database_download},
  nodates=false
}

%% radix tree 
@article{morrison1968patricia,
  title={PATRICIAâ€”practical algorithm to retrieve information coded in alphanumeric},
  author={Morrison, Donald R},
  journal={Journal of the ACM (JACM)},
  volume={15},
  number={4},
  pages={514--534},
  year={1968},
  publisher={ACM New York, NY, USA}
}

%% red-black tree 
@article{bayer1972symmetric,
  title={Symmetric binary B-trees: Data structure and maintenance algorithms},
  author={Bayer, Rudolf},
  journal={Acta informatica},
  volume={1},
  number={4},
  pages={290--306},
  year={1972},
  publisher={Springer}
}

%% binary tree disadvantage 
@article{rao1998cache,
  title={Cache conscious indexing for decision-support in main memory},
  author={Rao, Jun and Ross, Kenneth A},
  year={1998}
}

%% t-tree 
@techreport{lehman1985study,
  title={A study of index structures for main memory database management systems},
  author={Lehman, Tobin J and Carey, Michael J},
  year={1985},
  institution={University of Wisconsin-Madison Department of Computer Sciences}
}

%% masstree
@inproceedings{mao2012cache,
  title={Cache craftiness for fast multicore key-value storage},
  author={Mao, Yandong and Kohler, Eddie and Morris, Robert Tappan},
  booktitle={Proceedings of the 7th ACM european conference on Computer Systems},
  pages={183--196},
  year={2012},
  organization={ACM}
}

%% ART
@inproceedings{leis2013adaptive,
  title={The adaptive radix tree: ARTful indexing for main-memory databases.},
  author={Leis, Viktor and Kemper, Alfons and Neumann, Thomas},
  booktitle={ICDE},
  volume={13},
  pages={38--49},
  year={2013}
}

%% silo
@inproceedings{tu2013speedy,
  title={Speedy transactions in multicore in-memory databases},
  author={Tu, Stephen and Zheng, Wenting and Kohler, Eddie and Liskov, Barbara and Madden, Samuel},
  booktitle={Proceedings of the Twenty-Fourth ACM Symposium on Operating Systems Principles},
  pages={18--32},
  year={2013},
  organization={ACM}
}

%% hyper 
@inproceedings{kemper2011hyper,
  title={HyPer: A hybrid OLTP\&OLAP main memory database system based on virtual memory snapshots},
  author={Kemper, Alfons and Neumann, Thomas},
  booktitle={2011 IEEE 27th International Conference on Data Engineering},
  pages={195--206},
  year={2011},
  organization={IEEE}
}

%% bit filed 
@book{oualline1997practical,
  title={Practical C programming},
  author={Oualline, Steve},
  year={1997},
  publisher={" O'Reilly Media, Inc."}
}

%% fanout rate
@article{boehm2011efficient,
  title={Efficient in-memory indexing with generalized prefix trees},
  author={Boehm, Matthias and Schlegel, Benjamin and Volk, Peter Benjamin and Fischer, Ulrike and Habich, Dirk and Lehner, Wolfgang},
  journal={Datenbanksysteme f{\"u}r Business, Technologie und Web (BTW)},
  year={2011},
  publisher={Gesellschaft f{\"u}r Informatik eV}
}